@misc{ripe, 
	title = "Ripe Network Coordination Centre", 
	url = "https://www.ripe.net/", 
	year = "2018", 
	month = "Junio"
}

@misc{RIR, 
	title = "Regional Internet Registries", 
	url = "https://www.arin.net/knowledge/rirs.html", 
	year = "2018", 
	month = "Junio"
}

@book{manolito, 
	title = "Fundamentos de Redes y Comunicaciones",
  	author = "Díaz Díaz, Manuel",
  	year = "1996", 
  	PUBLISHER = "Escuela Politécnica de Cáceres" ,
}

@misc{codeontherocks, 
	author = "Code on the Rocks", 
	title = "A todo datas! con @pantojacoder @SoyGema y @javisantana", 
	month = "Mayo",
	year = "2017", 
	url = "https://soundcloud.com/codeontherocks/a-todo-datas-con-pantojacoder"
}

@misc{pantojacoder, 
	author ="Nuria Ruiz", 
	title = "Twitter personal de Nuria Ruiz", 
	url = "https://twitter.com/pantojacoder"
}

@misc{STP, 
	author = "Annmarie Hanlon", 
	title = "How to use Segmentation, Targeting and Positioning (STP) to develop marketing strategies", 
	month = "Marzo", 
	year = "2018", 
	url = "https://www.smartinsights.com/digital-marketing-strategy/customer-segmentation-targeting/segmentation-targeting-and-positioning/" 
}

@misc{LaLiga,
      author = "SadFud",
      title = "Analizando la app de La Liga para Android",
      month = "Junio",
      year = "2018",
      url = "https://reversecodes.wordpress.com/2018/06/12/analizando-la-app-de-la-liga-para-android/"
}

@misc{fbCambridge,
      author = " Michael Riley, Sarah Frier, Stephanie Baker ",
      title = "How the Facebook-Cambridge Analytica Saga Unfolded",
      month = "Marzo",
      year = "2018",
      url = "https://www.bloomberg.com/news/articles/2018-03-21/understanding-the-facebook-cambridge-analytica-story-quicktake"
}